@online{site:wiki-business-process,
	title   = {Wikipedia},
	url     = {https://it.wikipedia.org/wiki/Processo_aziendale}
}


@online{site:wiki-process-mining,
	title   = {Wikipedia},
	url     = {https://it.wikipedia.org/wiki/Process_mining}
}

@online{site:event-log-img,
	title   = {Immagine Event log},
	url     = {https://www.processmining.org/event-data.html#:~:text=Process%20mining%20assumes%20the%20existence,a%20trace%2Fsequence%20of%20events.}	
}

@online{site:process-mining-techniques-img,
	title   = {Immagine tecniche P.M.},
	url     = {https://www.workfellow.ai/guides/process-mining-101}	
}

@online{site:dash-ext,
	title   = {Dash Extensions},
	url     = {https://www.dash-extensions.com/getting_started/enrich}	
}

@online{site:dash-forum,
	title   = {Plotly Community Forum},
	url     = {https://community.plotly.com/}	
}

@online{site:dash-core-comp,
	title   = {Dash Core Components},
	url     = {https://dash.plotly.com/dash-core-components}	
}

@online{site:panel-apis,
	title   = {Panel APIs},
	url     = {https://panel.holoviz.org/user_guide/APIs.html}	
}


@online{site:mvp,
	title   = {Immagine MVP},
	url     = {https://support.touchgfx.com/4.19/docs/development/ui-development/software-architecture/model-view-presenter-design-pattern}	
}

@INPROCEEDINGS{paper-padella,
  author={Padella, Alessandro and de Leoni, Massimiliano and Dogan, Onur and Galanti, Riccardo},
  booktitle={2022 4th International Conference on Process Mining (ICPM)}, 
  title={Explainable Process Prescriptive Analytics}, 
  year={2022},
  volume={},
  number={},
  pages={16-23},
  doi={10.1109/ICPM57379.2022.9980535}
}


%@InProceedings{paper-deleoni,
%author = {Dees, Marcus and de Leoni, Massimiliano and Aalst, Wil and Reijers, Hajo},
%year = {2019},
%month = {05},
%pages = {},
%title = {What if Process Predictions are notfollowed by Good Recommendations?}
%}

@book{pm-handbook,
author={Di Francescomarino, Chiara
and Ghidini, Chiara},
editor={van der Aalst, Wil M. P.
and Carmona, Josep},
title={Predictive Process Monitoring},
bookTitle={Process Mining Handbook},
year={2022},
publisher={Springer International Publishing},
address={Cham},
pages={320--346},
isbn={978-3-031-08848-3},
doi={10.1007/978-3-031-08848-3_10},
url={https://doi.org/10.1007/978-3-031-08848-3_10}
}  



